<collection xmlns="http://www.loc.gov/MARC21/slim"><record><leader>00886nam  2200265   450</leader><controlfield tag="001">843</controlfield><controlfield tag="003">http://montalegre.opacnet.com/OPAC/default.aspx?ContentAreaControl=ShowRegHoldings.ascx&amp;RegNo=16662</controlfield><datafield tag="010" ind1=" " ind2=" "><subfield code="a">972-710-012-0</subfield></datafield><datafield tag="021" ind1=" " ind2=" "><subfield code="a">PT</subfield><subfield code="b">41497/90</subfield></datafield><datafield tag="095" ind1=" " ind2=" "><subfield code="a">PTBN00269283</subfield></datafield><datafield tag="100" ind1=" " ind2=" "><subfield code="a">20061013d1990    a  y0pory010305  ba</subfield></datafield><datafield tag="101" ind1="1" ind2=" "><subfield code="a">por</subfield><subfield code="c">eng</subfield></datafield><datafield tag="102" ind1=" " ind2=" "><subfield code="a">PT</subfield></datafield><datafield tag="105" ind1=" " ind2=" "><subfield code="a">a   z   001ay</subfield></datafield><datafield tag="200" ind1="1" ind2=" "><subfield code="a">Joanica-Puff</subfield><subfield code="f">A. A. Milne</subfield><subfield code="g">des. E. H. Shepard</subfield><subfield code="g">trad. Manuel Granjeio Crespo</subfield></datafield><datafield tag="210" ind1=" " ind2=" "><subfield code="a">Mem Martins</subfield><subfield code="c">Terramar</subfield><subfield code="d">D.L. 1990</subfield></datafield><datafield tag="215" ind1=" " ind2=" "><subfield code="a">159, [3] p.</subfield><subfield code="c">il.</subfield><subfield code="d">24 cm</subfield></datafield><datafield tag="225" ind1="2" ind2=" "><subfield code="a">Abracadabra</subfield><subfield code="v">2</subfield></datafield><datafield tag="304" ind1=" " ind2=" "><subfield code="a">Tít. orig.: Winnie-the-pooh</subfield></datafield><datafield tag="675" ind1=" " ind2=" "><subfield code="a">087.5</subfield><subfield code="v">BN</subfield><subfield code="z">por</subfield></datafield><datafield tag="700" ind1=" " ind2="1"><subfield code="a">Milne</subfield><subfield code="b">A. A.</subfield><subfield code="f">1882-1956</subfield></datafield><datafield tag="702" ind1=" " ind2="1"><subfield code="a">Shepard</subfield><subfield code="b">E. H.</subfield><subfield code="f">1879-1976</subfield><subfield code="4">440</subfield></datafield><datafield tag="702" ind1=" " ind2="1"><subfield code="a">Crespo</subfield><subfield code="b">Manuel Granjeio</subfield><subfield code="c">pseud</subfield><subfield code="4">730</subfield></datafield><datafield tag="801" ind1=" " ind2="0"><subfield code="a">PT</subfield><subfield code="b">Biblioteca Municipal de Montalegre</subfield><subfield code="g">RPC</subfield></datafield><datafield tag="856" ind1=" " ind2=" "><subfield code="u">locateMedia.asp?cod=20060626170234&amp;ext=jpg</subfield><subfield code="z">CAPA</subfield></datafield><datafield tag="909" ind1="&#9;" ind2=" "><subfield code="a">1</subfield></datafield><datafield tag="966" ind1=" " ind2=" "><subfield code="a">0003186</subfield><subfield code="l">BMM</subfield><subfield code="s">SJ 087.5 MIL joa 2</subfield></datafield></record></collection>